<record><leader>00000cas a22000007a 4500</leader><controlfield tag="001">15244410</controlfield><controlfield tag="008">870226d19231926inudn ne      0    0eng d</controlfield><datafield ind1=" " ind2=" " tag="010"><subfield code="a">sn 87055290 </subfield></datafield><datafield ind1=" " ind2=" " tag="040"><subfield code="a">NPI</subfield><subfield code="b">eng</subfield><subfield code="c">NPI</subfield><subfield code="d">OCLCQ</subfield></datafield><datafield ind1=" " ind2=" " tag="042"><subfield code="a">msc</subfield></datafield><datafield ind1="0" ind2=" " tag="130"><subfield code="a">Frankfort evening news (Frankfort, Ind. : 1923)</subfield></datafield><datafield ind1="1" ind2="4" tag="245"><subfield code="a">The Frankfort evening news.</subfield></datafield><datafield ind1=" " ind2=" " tag="260"><subfield code="a">Frankfort, Ind. :</subfield><subfield code="b">Crescent-News Pub. Co.,</subfield><subfield code="c">1923-</subfield></datafield><datafield ind1=" " ind2=" " tag="310"><subfield code="a">Daily (except Sun.)</subfield></datafield><datafield ind1="0" ind2=" " tag="362"><subfield code="a">Vol. 38, no. 136 (Aug. 18, 1923)-</subfield></datafield><datafield ind1="1" ind2=" " tag="362"><subfield code="a">Ceased in 1926?</subfield></datafield><datafield ind1=" " ind2=" " tag="752"><subfield code="a">United States</subfield><subfield code="b">Indiana</subfield><subfield code="c">Clinton</subfield><subfield code="d">Frankfort.</subfield></datafield><datafield ind1="0" ind2="0" tag="780"><subfield code="t">Frankfort crescent-news</subfield><subfield code="w">(DLC)sn 87055342</subfield></datafield></record>